@inproceedings{lin2020reproducibility,
  title={Reproducibility is a process, not an achievement: The replicability of IR reproducibility experiments},
  author={Lin, Jimmy and Zhang, Qian},
  booktitle={Advances in Information Retrieval: 42nd European Conference on IR Research, ECIR 2020, Lisbon, Portugal, April 14--17, 2020, Proceedings, Part II 42},
  pages={43--49},
  year={2020},
  organization={Springer}
}
@article{ivie2018reproducibility,
  title={Reproducibility in scientific computing},
  author={Ivie, Peter and Thain, Douglas},
  journal={ACM Computing Surveys (CSUR)},
  volume={51},
  number={3},
  pages={1--36},
  year={2018},
  publisher={ACM New York, NY, USA}
}